@INPROCEEDINGS{Bang03,
    author = {Magnus Bang and Anders Larsson and Henrik Eriksson},
    title = {NOSTOS: A Paper-Based Ubiquitous Computing Healthcare Environment to Support Data Capture and Collaboration.e presented at AMIA Symposium},
    booktitle = {Ubiquitous Computing. 4th International Conference. September 29, October 1, 2002},
    year = {2003},
    pages = {46--50}
}

@INPROCEEDINGS{Kidd99,
    author = {Cory D. Kidd and Robert Orr and Gregory D. Abowd and Christopher G. Atkeson and Irfan A. Essa and Blair MacIntyre and Elizabeth Mynatt and Thad E. Starner and Wendy Newstetter},
    title = {The Aware Home: A Living Laboratory for Ubiquitous Computing Research },
    booktitle = {},
    year = {1999},
    pages = {191--198},
    publisher = {}
}

@INPROCEEDINGS{Seo07,
    author = {Chiyoung Seo and Sam Malek and George Edwards and Daniel Popescu and Nenad Medvidovic and Brad Petrus and Sharmila Ravula},
    title = {Exploring the Role of Software Architecture in Dynamic and Fault Tolerant Pervasive Systems},
    booktitle = {In Proc. of the Workshop on Software Engineering of Pervasive Computing Applications, Systems and Environments (SEPCASE), MN},
    year = {2007}
}

@inproceedings{Banavar2000,
 author = {Banavar, Guruduth and Beck, James and Gluzberg, Eugene and Munson, Jonathan and Sussman, Jeremy and Zukowski, Deborra},
 title = {Challenges: an application model for pervasive computing},
 booktitle = {Proceedings of the 6th annual international conference on Mobile computing and networking},
 series = {MobiCom '00},
 year = {2000},
 isbn = {1-58113-197-6},
 location = {Boston, Massachusetts, United States},
 pages = {266--274},
 numpages = {9},
 url = {http://doi.acm.org/10.1145/345910.345957},
 doi = {http://doi.acm.org/10.1145/345910.345957},
 acmid = {345957},
 publisher = {ACM},
 address = {New York, NY, USA},
}

@inproceedings{Bohn02,
    address = {Boppard, Germany},
    author = {J. Bohn and F. G\"artner and H. Vogt},
    booktitle = {First International Conference on Security in Pervasive Computing},
    keywords = {computing, healthcare, pervasive, ubiquitous},
    title = {{Dependability Issues of Pervasive Computing in a Healthcare Environment}},
    url = {http://citeseerx.ist.psu.edu/viewdoc/summary?doi=10.1.1.12.4838},
    year = {2002}
}

@ONLINE{BonacheaOnline,
	author = {Dan Bonachea},
	title = {Failure discovered in the Space Shuttle Control Software in October, 1981},
	month = nov,
	year = {2011},
	url = {http://www.cs.berkeley.edu/~bonachea/294-8/hw1.html}
}

@book{koren2007fault,
  title={Fault-Tolerant systems},
  author={Koren, I. and Krishna, C.M.},
  year={2007},
  publisher={Elsevier/Morgan Kaufmann}
}

@article{hailpern2002software,
  title={Software debugging, testing, and verification},
  author={Hailpern, B. and Santhanam, P.},
  journal={IBM Systems Journal},
  volume={41},
  number={1},
  pages={4--12},
  year={2002},
  publisher={IBM}
}